<record xmlns='http://www.loc.gov/MARC21/slim'><leader>01414cam a2200349 a 4500</leader><controlfield tag='001'>9941598513506421</controlfield><controlfield tag='005'>20200828155428.0</controlfield><controlfield tag='006'>m        d i      </controlfield><controlfield tag='007'>co ugu-uuuuuuu</controlfield><controlfield tag='008'>040405s2003    sz a     b   i000 0 eng d</controlfield><datafield ind1=' ' ind2=' ' tag='010'><subfield code='a'>  2004450982</subfield></datafield><datafield ind1=' ' ind2=' ' tag='035'><subfield code='a'>(OCoLC)ocm54886782</subfield></datafield><datafield ind1=' ' ind2=' ' tag='035'><subfield code='a'>(NNU)NYUb12887429</subfield></datafield><datafield ind1=' ' ind2=' ' tag='035'><subfield code='a'>(CStRLIN)NYUGB12887429-B</subfield></datafield><datafield ind1=' ' ind2=' ' tag='035'><subfield code='a'>4159851</subfield></datafield><datafield ind1=' ' ind2=' ' tag='035'><subfield code='a'>(NjP)4159851-princetondb</subfield></datafield><datafield ind1=' ' ind2=' ' tag='040'><subfield code='a'>NLM</subfield><subfield code='c'>NLM</subfield><subfield code='d'>CBU</subfield><subfield code='d'>COU</subfield><subfield code='d'>DLC</subfield><subfield code='d'>MUQ</subfield><subfield code='d'>NLGGC</subfield></datafield><datafield ind1=' ' ind2=' ' tag='020'><subfield code='a'>9241590599</subfield></datafield><datafield ind1=' ' ind2='4' tag='050'><subfield code='a'>RA566.27</subfield><subfield code='b'>.B7544 2003</subfield></datafield><datafield ind1='1' ind2=' ' tag='100'><subfield code='a'>Briggs, D.</subfield><subfield code='q'>(David)</subfield></datafield><datafield ind1='1' ind2='0' tag='245'><subfield code='a'>Making a difference :</subfield><subfield code='b'>indicators to improve children&apos;s environmental health /</subfield><subfield code='c'>prepared on behalf of the World Health Organization by David Briggs.</subfield></datafield><datafield ind1='3' ind2='0' tag='246'><subfield code='a'>Indicators to improve children&apos;s environmental health</subfield></datafield><datafield ind1=' ' ind2=' ' tag='260'><subfield code='a'>Geneva :</subfield><subfield code='b'>World Health Organization,</subfield><subfield code='c'>2003.</subfield></datafield><datafield ind1=' ' ind2=' ' tag='300'><subfield code='a'>v, 46 p. :</subfield><subfield code='b'>ill. ;</subfield><subfield code='c'>30 cm. +</subfield><subfield code='e'>1 CD-ROM (4 3/4 in.)</subfield></datafield><datafield ind1=' ' ind2=' ' tag='500'><subfield code='a'>Includes CD-Rom: Indicator profiles.</subfield></datafield><datafield ind1=' ' ind2=' ' tag='504'><subfield code='a'>Includes bibliographical references (p. 43-44).</subfield></datafield><datafield ind1=' ' ind2='0' tag='650'><subfield code='a'>Environmental health.</subfield><subfield code='0'>http://id.loc.gov/authorities/subjects/sh85044173</subfield></datafield><datafield ind1=' ' ind2='0' tag='650'><subfield code='a'>Children</subfield><subfield code='x'>Health risk assessment.</subfield></datafield><datafield ind1=' ' ind2='0' tag='650'><subfield code='a'>Children</subfield><subfield code='x'>Health and hygiene.</subfield><subfield code='0'>http://id.loc.gov/authorities/subjects/sh85023425</subfield></datafield><datafield ind1='2' ind2=' ' tag='710'><subfield code='a'>World Health Organization.</subfield><subfield code='0'>http://id.loc.gov/authorities/names/n79059041</subfield></datafield><datafield ind1=' ' ind2=' ' tag='904'><subfield code='a'>cdh</subfield><subfield code='b'>d</subfield><subfield code='h'>m</subfield><subfield code='c'>b</subfield><subfield code='e'>20040428</subfield></datafield><datafield ind1=' ' ind2=' ' tag='999'><subfield code='a'>4159851</subfield></datafield><datafield ind1=' ' ind2=' ' tag='902'><subfield code='a'>of</subfield><subfield code='b'>m</subfield><subfield code='6'>a</subfield><subfield code='7'>m</subfield><subfield code='d'>v</subfield><subfield code='f'>1</subfield><subfield code='e'>20060725</subfield></datafield><datafield ind1=' ' ind2=' ' tag='INT'><subfield code='a'>P</subfield></datafield><datafield ind1=' ' ind2=' ' tag='INST'><subfield code='a'>01PRI_INST</subfield></datafield><datafield ind1=' ' ind2=' ' tag='AVA'><subfield code='0'>9941598513506421</subfield><subfield code='8'>22172120500006421</subfield><subfield code='a'>01PRI_INST</subfield><subfield code='b'>firestone</subfield><subfield code='c'>Stacks</subfield><subfield code='d'>Oversize RA566.27 .B7544 2003q</subfield><subfield code='e'>available</subfield><subfield code='f'>1</subfield><subfield code='g'>0</subfield><subfield code='j'>stacks</subfield><subfield code='k'>0</subfield><subfield code='p'>1</subfield><subfield code='q'>Firestone Library</subfield></datafield></record>